@Manual{R-base,
  title = {R: A Language and Environment for Statistical Computing},
  author = {{R Core Team}},
  organization = {R Foundation for Statistical Computing},
  address = {Vienna, Austria},
  year = {2021},
  url = {https://www.R-project.org/},
}
@Manual{R-papaja,
  title = {{papaja}: {Prepare} reproducible {APA} journal articles with {R Markdown}},
  author = {Frederik Aust and Marius Barth},
  year = {2022},
  note = {R package version 0.1.1},
  url = {https://github.com/crsh/papaja},
}
@Manual{R-tinylabels,
  title = {{tinylabels}: Lightweight Variable Labels},
  author = {Marius Barth},
  year = {2022},
  note = {R package version 0.2.3},
  url = {https://cran.r-project.org/package=tinylabels},
}
@article{gartner2022responsible,
  title={Responsible Research Assessment II: A specific proposal for hiring and promotion in psychology},
  author={G{\"a}rtner, Anne and Leising, Daniel and Sch{\"o}nbrodt, Felix},
  year={2022},
  publisher={PsyArXiv}
}
@Article{pdc-paper,
    title = {{pdc}: An {R} Package for Complexity-Based Clustering of Time Series},
    author = {Andreas M. Brandmaier},
    journal = {Journal of Statistical Software},
    year = {2015},
    volume = {67},
    number = {5},
    pages = {1--23},
    doi = {10.18637/jss.v067.i05},
  }

@article{staroverova,
author = {Staroverova, Kseniya and Bure, Vladimir},
year = {2017},
month = {01},
pages = {51-60},
title = {Characteristics based dissimilarity measure for time series},
volume = {13},
journal = {Vestnik of Saint Petersburg University. Applied Mathematics. Computer Science. Control Processes},
doi = {10.21638/11701/spbu10.2017.105}
}

 @Article{tsclust,
    title = {{TSclust}: An {R} Package for Time Series Clustering},
    author = {Pablo Montero and Jos{\'e} A. Vilar},
    journal = {Journal of Statistical Software},
    year = {2014},
    volume = {62},
    number = {1},
    pages = {1--43},
    url = {http://www.jstatsoft.org/v62/i01/},
  }
